<record><leader>00000cas a22000007a 4500</leader><controlfield tag="001">12791252</controlfield><controlfield tag="008">851113d19161931mtuwr ne      0    0eng d</controlfield><datafield ind1=" " ind2=" " tag="010"><subfield code="a">sn 85053325 </subfield></datafield><datafield ind1=" " ind2=" " tag="040"><subfield code="a">MTL</subfield><subfield code="b">eng</subfield><subfield code="c">MTL</subfield><subfield code="d">OCLCQ</subfield><subfield code="d">DLC</subfield></datafield><datafield ind1=" " ind2=" " tag="042"><subfield code="a">msc</subfield></datafield><datafield ind1="0" ind2="4" tag="245"><subfield code="a">The Opheim observer.</subfield></datafield><datafield ind1=" " ind2=" " tag="260"><subfield code="a">Opheim, Mont. :</subfield><subfield code="b">J.A. Whetstone and R.E. Tait,</subfield><subfield code="c">-1931.</subfield></datafield><datafield ind1=" " ind2=" " tag="300"><subfield code="a">14 v. :</subfield><subfield code="b">ill. ;</subfield><subfield code="c">55 cm.</subfield></datafield><datafield ind1=" " ind2=" " tag="310"><subfield code="a">Weekly</subfield></datafield><datafield ind1="0" ind2=" " tag="362"><subfield code="a">-v. 14, no. 49 (Nov. 13, 1931).</subfield></datafield><datafield ind1="1" ind2=" " tag="362"><subfield code="a">Began in 1916.</subfield><subfield code="z">Cf. Gregory, W. Amer. newspapers.</subfield></datafield><datafield ind1=" " ind2=" " tag="588"><subfield code="a">Description based on: Vol. 3, no. 6 (Nov. 29, 1918).</subfield></datafield><datafield ind1=" " ind2=" " tag="752"><subfield code="a">United States</subfield><subfield code="b">Montana</subfield><subfield code="c">Valley</subfield><subfield code="d">Opheim.</subfield></datafield><datafield ind1="0" ind2="5" tag="780"><subfield code="t">Glentana reporter</subfield><subfield code="g">fall 1918</subfield><subfield code="w">(DLC)sn 85053158</subfield></datafield><datafield ind1="0" ind2="4" tag="785"><subfield code="t">Glasgow courier</subfield><subfield code="g">Nov. 1931</subfield><subfield code="x">2378-8305</subfield><subfield code="w">(DLC)sn 85042379</subfield><subfield code="w">(OCoLC)12317058</subfield></datafield><datafield ind1="1" ind2=" " tag="029"><subfield code="a">AU@</subfield><subfield code="b">000023533306</subfield></datafield></record>